@article{DBLP:journals/corr/VenkatesanGL16,
  author    = {Ragav Venkatesan and
               Vijetha Gattupalli and
               Baoxin Li},
  title     = {Neural Dataset Generality},
  journal   = {CoRR},
  volume    = {abs/1605.04369},
  year      = {2016},
  url       = {http://arxiv.org/abs/1605.04369},
  timestamp = {Wed, 01 Jun 2016 15:51:08 +0200},
  biburl    = {http://dblp.uni-trier.de/rec/bib/journals/corr/VenkatesanGL16},
  bibsource = {dblp computer science bibliography, http://dblp.org}
}

